% 2023_PREMI - Springer
@inproceedings{peddi2023ROIClustering,
  author    = {Peddi, Santhoshkumar
               and Prakash, Nishkal
               and Konduru, Rakesh Krishna
               and Ranjan, Alka
               and Samanta, Debasis},
  editor    = {Maji, Pradipta
               and Huang, Tingwen
               and Pal, Nikhil R.
               and Chaudhury, Santanu
               and De, Rajat K.},
  title     = {A Clustering-Based Approach for the Extraction of ROI from Fingerprint Images},
  booktitle = {Pattern Recognition and Machine Intelligence},
  year      = {2023},
  publisher = {Springer Nature Switzerland},
  address   = {Cham},
  pages     = {824--832},
  isbn      = {978-3-031-45170-6},
  doi       = {10.1007/978-3-031-45170-6\_86}
}

% 2023_PREMI - DBLP
@inproceedings{DBLP:conf/premi/PeddiPKRS23,
  author    = {Santhoshkumar Peddi and
               Nishkal Prakash and
               Rakesh Krishna Konduru and
               Alka Ranjan and
               Debasis Samanta},
  editor    = {Pradipta Maji and
               Tingwen Huang and
               Nikhil R. Pal and
               Santanu Chaudhury and
               Rajat K. De},
  title     = {A Clustering-Based Approach for the Extraction of {ROI} from Fingerprint
               Images},
  booktitle = {Pattern Recognition and Machine Intelligence - 10th International
               Conference, PReMI 2023, Kolkata, India, December 12-15, 2023, Proceedings},
  series    = {Lecture Notes in Computer Science},
  volume    = {14301},
  pages     = {824--832},
  publisher = {Springer},
  year      = {2023},
  doi       = {10.1007/978-3-031-45170-6\_86},
  timestamp = {Fri, 24 Nov 2023 11:44:35 +0100},
  biburl    = {https://dblp.org/rec/conf/premi/PeddiPKRS23.bib},
  bibsource = {dblp computer science bibliography, https://dblp.org}
}

% 2023_ICVGIP - ACM
@inproceedings{ranjan2023novel,
  author    = {Ranjan, Alka and Prakash, Nishkal and Peddi, Santhoshkumar and Samanta, Debasis},
  title     = {A Novel Framework for Robust Fingerprint Representations using Deep Convolution Network with Attention Mechanism},
  year      = {2024},
  isbn      = {9798400716256},
  publisher = {Association for Computing Machinery},
  address   = {New York, NY, USA},
  doi       = {10.1145/3627631.3627651},
  booktitle = {Indian Conference on Computer Vision, Graphics \& Image Processing},
  articleno = {20},
  numpages  = {9},
  keywords  = {Attention Mechanism, Deep Convolutional Networks, Fingerprint Embedding, Fingerprint Matching., Fingerprint Recognition},
  series    = {ICVGIP '23}
}

% 2023_ICVGIP - Google Scholar
@inproceedings{ranjan2023scholar,
  title     = {A Novel Framework for Robust Fingerprint Representations using Deep Convolution Network with Attention Mechanism},
  author    = {Ranjan, Alka and Prakash, Nishkal and Peddi, Santhoshkumar and Samanta, Debasis},
  booktitle = {Proceedings of the Fourteenth Indian Conference on Computer Vision, Graphics and Image Processing},
  pages     = {1--9},
  year      = {2023}
}

% 2023_ICVGIP - Semantic Scholar
@inproceedings{Ranjan2023ANF,
  title     = {A Novel Framework for Robust Fingerprint Representations using Deep Convolution Network with Attention Mechanism},
  author    = {Alka Ranjan and Nishkal Prakash and Santhoshkumar Peddi and Debasis Samanta},
  booktitle = {Indian Conference on Computer Vision, Graphics \& Image Processing},
  year      = {2023},
  url       = {https://api.semanticscholar.org/CorpusID:267365870}
}

# 2023_ICVGIP - DBLP
@inproceedings{DBLP:conf/icvgip/RanjanPPS23,
  author    = {Alka Ranjan and
               Nishkal Prakash and
               Santhoshkumar Peddi and
               Debasis Samanta},
  editor    = {Rahul Narain and
               Kaushik Mitra and
               Ian Reid},
  title     = {A Novel Framework for Robust Fingerprint Representations using Deep
               Convolution Network with Attention Mechanism},
  booktitle = {Proceedings of the Fourteenth Indian Conference on Computer Vision,
               Graphics and Image Processing, {ICVGIP} 2023, Rupnagar, India, December
               15-17, 2023},
  pages     = {20:1--20:9},
  publisher = {{ACM}},
  year      = {2023},
  doi       = {10.1145/3627631.3627651},
  biburl    = {https://dblp.org/rec/conf/icvgip/RanjanPPS23.bib},
  bibsource = {dblp computer science bibliography, https://dblp.org}
}